@book{
P.T. Brady, A model for generating on-off speech patterns in two-way conversation, Bell Syst. Tech. J. (Sept. 1969) 2445- 2472. 
}

@book{Goldberg:89d,
   year =      1989,
   title =     {Genetic algorithms in search, optimization, and machine
                learning},
   address =   {Reading, {MA}},
   publisher = {Addison-Wesley},
   author =    {Goldberg, D. E.},
}

@book{kotz,
   author =    {Kotz, S. and Balakrishnan, N. and Johnson, N. L.},
   title =     {Continuous Multivariate Distributions},
   publisher = {John Wiley and Sons},
   year =      2000,
   series =    {Wiley Series in Probability and Statistics},
volume = 2, } 

}


@TechReport{Wolpert:95,
  tcga =         03605,
  author =       "Wolpert, D. H. and Macready, W. G.",
  title =        "No free lunch theorems for search",
  institution =  "Santa Fe Institute",
  year =         1995,
  address =      "Santa Fe, NM",
  number =       "SFI-TR-95-02-010",
  type =         "Tech. Rep. No.",
}      

@techreport{pelikan99c,
    Year = {1999},
    Title = {A Survey of Optimization by Building and Using Probabilistic Models},
    Number = {IlliGAL Report 99018},
    Institution = {University of Illinois at Urbana-Champaign},
    Author = {M. Pelikan and D. E. Goldberg and F. Lobo}}


@Book{Mertens:01x,
  author = 	 {Mertens, Peter and Bodendorf, Freimut and K\"onig, Wolfgang and Picot, Arnold and Schumann, Matthias},
    title = 	 {Grundz\"uge der Wirtschaftsinformatik},
  publisher = 	 {Springer},
  year = 	 {2001},
  address = 	 {Berlin u. a.},
  edition = 	 {7.},
}


@Book{Scheer:97x,
  author = 	 {Scheer, A.-W.},
  title = 	 {Wirtschaftsinformatik: Referenzmodelle für industrielle Geschäftsprozesse},
  publisher = 	 {Springer-Verlag},
  year = 	 {1997},
  address = 	 {Berlin et al.},
  edition = 	 {7.},
  }


@article{Cayley:89,
author = {A. Cayley},
title = {A Theorem on Trees},
journal = {Quarterly Journal of Mathematics},
volume = 23,
year = 1889,
pages = {376--378},
}


@ARTICLE{Johnson:78,
  author = {D. S. Johnson and J. K. Lenstra and A. H. G. Rinnooy Kan},
  title = {The complexity of the network design problem},
  journal = {Networks},
  volume = 8,
  year = 1978,
  pages = {279--285} }

